%% This BibTeX bibliography file was created using BibDesk.
%% http://bibdesk.sourceforge.net/


%% Created for Jeremy Clark at 2014-09-12 16:36:11 -0400 


%% Saved with string encoding Unicode (UTF-8) 



@inproceedings{ST04,
	Author = {Schoenmakers, Berry and Tuyls, Pim},
	Booktitle = {ASIACRYPT},
	Date-Added = {2014-09-12 20:34:31 +0000},
	Date-Modified = {2014-09-12 20:36:09 +0000},
	Title = {Practical Two-Party Computation Based on the Conditional Gate},
	Year = {2004},
	Bdsk-Url-1 = {http://dx.doi.org/10.1007/978-3-540-30539-2_10}}

@inproceedings{CDN00,
	Author = {Cramer, Ronald and Damg{\aa}rd, Ivan and Nielsen, Jesper Buus},
	Booktitle = {EUROCRYPT},
	Date-Added = {2014-09-12 20:31:04 +0000},
	Date-Modified = {2014-09-12 20:31:28 +0000},
	Title = {Multiparty Computation from Threshold Homomorphic Encryption},
	Year = {2001},
	Bdsk-Url-1 = {http://dl.acm.org/citation.cfm?id=647086.715687}}

@inproceedings{JJ00,
	Author = {Markus Jakobsson and Ari Juels},
	Booktitle = {ASIACRYPT},
	Date-Added = {2014-09-12 20:27:27 +0000},
	Date-Modified = {2014-09-12 20:27:27 +0000},
	Title = {Mix and Match: Secure function evaluation via ciphertexts},
	Year = {2000}}
