@article{zyskind2015enigma,
	title={Enigma: Decentralized computation platform with guaranteed privacy},
	author={Zyskind, Guy and Nathan, Oz and Pentland, Alex},
	journal={arXiv preprint arXiv:1506.03471},
	year={2015}
}

@inproceedings{bowe2020zexe,
	title={Zexe: Enabling decentralized private computation},
	author={Bowe, Sean and Chiesa, Alessandro and Green, Matthew and Miers, Ian and Mishra, Pratyush and Wu, Howard},
	booktitle={2020 IEEE Symposium on Security and Privacy (SP)},
	pages={947--964},
	year={2020},
	organization={IEEE}
}

@inproceedings{andrychowicz2014secure,
	title={Secure multiparty computations on bitcoin},
	author={Andrychowicz, Marcin and Dziembowski, Stefan and Malinowski, Daniel and Mazurek, Lukasz},
	booktitle={2014 IEEE Symposium on Security and Privacy},
	pages={443--458},
	year={2014},
	organization={IEEE}
}

@inproceedings{zyskind2015decentralizing,
	title={Decentralizing privacy: Using blockchain to protect personal data},
	author={Zyskind, Guy and Nathan, Oz and others},
	booktitle={2015 IEEE Security and Privacy Workshops},
	pages={180--184},
	year={2015},
	organization={IEEE}
}

@inproceedings{kalodner2018arbitrum,
	title={Arbitrum: Scalable, private smart contracts},
	author={Kalodner, Harry and Goldfeder, Steven and Chen, Xiaoqi and Weinberg, S Matthew and Felten, Edward W},
	booktitle={27th $\{$USENIX$\}$ Security Symposium ($\{$USENIX$\}$ Security 18)},
	pages={1353--1370},
	year={2018}
}

@inproceedings{jakobsson2000mix,
	title={Mix and match: Secure function evaluation via ciphertexts},
	author={Jakobsson, Markus and Juels, Ari},
	booktitle={International Conference on the Theory and Application of Cryptology and Information Security},
	pages={162--177},
	year={2000},
	organization={Springer}
}