%% This BibTeX bibliography file was created using BibDesk.
%% http://bibdesk.sourceforge.net/


%% Created for Nan Yang at 2017-07-06 17:53:02 -0400 


%% Saved with string encoding Unicode (UTF-8) 



@inproceedings{GMW87,
	Acmid = {28420},
	Address = {New York, NY, USA},
	Author = {Goldreich, O. and Micali, S. and Wigderson, A.},
	Booktitle = {Proceedings of the Nineteenth Annual ACM Symposium on Theory of Computing},
	Date-Added = {2017-07-06 21:48:37 +0000},
	Date-Modified = {2017-07-06 21:49:03 +0000},
	Doi = {10.1145/28395.28420},
	Isbn = {0-89791-221-7},
	Location = {New York, New York, USA},
	Numpages = {12},
	Pages = {218--229},
	Publisher = {ACM},
	Series = {STOC '87},
	Title = {How to Play ANY Mental Game},
	Url = {http://doi.acm.org/10.1145/28395.28420},
	Year = {1987},
	Bdsk-Url-1 = {http://doi.acm.org/10.1145/28395.28420},
	Bdsk-Url-2 = {http://dx.doi.org/10.1145/28395.28420}}

@inproceedings{CCD88,
	Acmid = {62214},
	Address = {New York, NY, USA},
	Author = {Chaum, David and Cr{\'e}peau, Claude and Damgard, Ivan},
	Booktitle = {Proceedings of the Twentieth Annual ACM Symposium on Theory of Computing},
	Date-Added = {2017-07-06 21:46:49 +0000},
	Date-Modified = {2017-07-06 21:47:21 +0000},
	Doi = {10.1145/62212.62214},
	Isbn = {0-89791-264-0},
	Location = {Chicago, Illinois, USA},
	Numpages = {9},
	Pages = {11--19},
	Publisher = {ACM},
	Series = {STOC '88},
	Title = {Multiparty Unconditionally Secure Protocols},
	Url = {http://doi.acm.org/10.1145/62212.62214},
	Year = {1988},
	Bdsk-Url-1 = {http://doi.acm.org/10.1145/62212.62214},
	Bdsk-Url-2 = {http://dx.doi.org/10.1145/62212.62214}}

@inproceedings{yao1982protocols,
	Author = {Yao, Andrew C},
	Booktitle = {Foundations of Computer Science, 1982. SFCS'08. 23rd Annual Symposium on},
	Date-Added = {2017-07-06 21:44:16 +0000},
	Date-Modified = {2017-07-06 21:44:16 +0000},
	Organization = {IEEE},
	Pages = {160--164},
	Title = {Protocols for secure computations},
	Year = {1982}}

@inproceedings{ST04,
	Author = {Schoenmakers, Berry and Tuyls, Pim},
	Booktitle = {ASIACRYPT},
	Date-Added = {2014-09-12 20:34:31 +0000},
	Date-Modified = {2014-09-12 20:36:09 +0000},
	Title = {Practical Two-Party Computation Based on the Conditional Gate},
	Year = {2004},
	Bdsk-Url-1 = {http://dx.doi.org/10.1007/978-3-540-30539-2_10}}

@inproceedings{CDN00,
	Author = {Cramer, Ronald and Damg{\aa}rd, Ivan and Nielsen, Jesper Buus},
	Booktitle = {EUROCRYPT},
	Date-Added = {2014-09-12 20:31:04 +0000},
	Date-Modified = {2014-09-12 20:31:28 +0000},
	Title = {Multiparty Computation from Threshold Homomorphic Encryption},
	Year = {2001},
	Bdsk-Url-1 = {http://dl.acm.org/citation.cfm?id=647086.715687}}

@inproceedings{JJ00,
	Author = {Markus Jakobsson and Ari Juels},
	Booktitle = {ASIACRYPT},
	Date-Added = {2014-09-12 20:27:27 +0000},
	Date-Modified = {2014-09-12 20:27:27 +0000},
	Title = {Mix and Match: Secure function evaluation via ciphertexts},
	Year = {2000}}
